@inproceedings{asano2009performance,
  title={Performance comparison of FPGA, GPU and CPU in image processing},
  author={Asano, Shuichi and Maruyama, Tsutomu and Yamaguchi, Yoshiki},
  booktitle={2009 international conference on field programmable logic and applications},
  pages={126--131},
  year={2009},
  organization={IEEE}
}

@inproceedings{ma2017optimizing,
  title={Optimizing loop operation and dataflow in FPGA acceleration of deep convolutional neural networks},
  author={Ma, Yufei and Cao, Yu and Vrudhula, Sarma and Seo, Jae-sun},
  booktitle={Proceedings of the 2017 ACM/SIGDA International Symposium on Field-Programmable Gate Arrays},
  pages={45--54},
  year={2017}
}

@inproceedings{sommer2017openmp,
  title={OpenMP device offloading to FPGA accelerators},
  author={Sommer, Lukas and Korinth, Jens and Koch, Andreas},
  booktitle={2017 IEEE 28th International Conference on Application-specific Systems, Architectures and Processors (ASAP)},
  pages={201--205},
  year={2017},
  organization={IEEE}
}

@book{simpson2010fpga,
  title={FPGA design},
  author={Simpson, Philip},
  year={2010},
  publisher={Springer}
}

@inproceedings{wang2017angr,
  title={Angr-the next generation of binary analysis},
  author={Wang, Fish and Shoshitaishvili, Yan},
  booktitle={2017 IEEE Cybersecurity Development (SecDev)},
  pages={8--9},
  year={2017},
  organization={IEEE}
}

@article{phillips2005scalable,
  title={Scalable molecular dynamics with NAMD},
  author={Phillips, James C and Braun, Rosemary and Wang, Wei and Gumbart, James and Tajkhorshid, Emad and Villa, Elizabeth and Chipot, Christophe and Skeel, Robert D and Kale, Laxmikant and Schulten, Klaus},
  journal={Journal of computational chemistry},
  volume={26},
  number={16},
  pages={1781--1802},
  year={2005},
  publisher={Wiley Online Library}
}

@article{yamato2021automatic,
  title={Automatic offloading method of loop statements of software to FPGA},
  author={Yamato, Yoji},
  journal={International Journal of Parallel, Emergent and Distributed Systems},
  pages={1--13},
  year={2021},
  publisher={Taylor \& Francis}
}

@article{smith2020repurposing,
  title={Repurposing therapeutics for COVID-19: Supercomputer-based docking to the SARS-CoV-2 viral spike protein and viral spike protein-human ACE2 interface},
  author={Smith, Micholas and Smith, Jeremy C},
  year={2020}
}

@article{mizielinski2014high,
  title={High-resolution global climate modelling: the UPSCALE project, a large-simulation campaign},
  author={Mizielinski, MS and Roberts, MJ and Vidale, PL and Schiemann, R and Demory, M-E and Strachan, J and Edwards, T and Stephens, A and Lawrence, BN and Pritchard, M and others},
  journal={Geoscientific Model Development},
  volume={7},
  number={4},
  pages={1629--1640},
  year={2014},
  publisher={Copernicus GmbH}
}
